@article{yu:2013:stability,
  title={Stability},
  author={Yu, Bin},
  journal={Bernoulli},
  volume={19},
  number={4},
  pages={1484--1500},
  year={2013},
  publisher={Bernoulli Society for Mathematical Statistics and Probability}
}

@inproceedings{wilson:2020:approximate,
  title={Approximate cross-validation: {G}uarantees for model assessment and selection},
  author={Wilson, A. and Kasy, M. and Mackey, L.},
  booktitle={International Conference on Artificial Intelligence and Statistics},
  pages={4530--4540},
  year={2020},
  organization={PMLR}
}

@misc{rigollet:2015:highdimstats,
  author={Rigollet, P.},
  title={Course 18.S997 {High} {Dimensional} {Statistics}},
  year={Spring 2015},
  howpublished={Massachusetts Institute of Technology: MIT OpenCouseWare, https://ocw.mit.edu/},
  note={Accessed: 2021-08-24}
}

@book{serfling2009approximation,
  title={Approximation theorems of mathematical statistics},
  author={Serfling, R.},
  volume={162},
  year={2009},
  publisher={John Wiley \& Sons}
}

@book{bruijn:1981:asymptotic,
  title={Asymptotic methods in analysis},
  author={De Bruijn, N.},
  volume={4},
  year={1981},
  publisher={Courier Corporation}
}

@Article{sandwich:2020:zeileis,
  title = {Various Versatile Variances: An Object-Oriented
    Implementation of Clustered Covariances in {R}},
  author = {Zeileis, A. and K\"oll, S. and Graham, N.},
  journal = {Journal of StFatistical Software},
  year = {2020},
  volume = {95},
  number = {1},
  pages = {1--36},
  doi = {10.18637/jss.v095.i01},
}

@book{dudley:2018:real,
  title={Real analysis and probability},
  author={Dudley, R.},
  year={2018},
  publisher={CRC Press}
}


@book{trefethen:1997:numerical,
  title={Numerical linear algebra},
  author={Trefethen, L. and Bau, D.},
  volume={50},
  year={1997},
  publisher={Siam}
}


@article{blei2016variational,
  title={Variational inference: {A} review for statisticians},
  author={Blei, D. and Kucukelbir, A. and McAuliffe, J.},
  journal={Journal of the American Statistical Association},
  volume={112},
  number={518},
  pages={859--877},
  year={2017},
  publisher={Taylor \& Francis}
}

@article{stefanski:2002:mestimation,
  title={The calculus of {M}-estimation},
  author={Stefanski, L. and Boos, D.},
  journal={The American Statistician},
  volume={56},
  number={1},
  pages={29--38},
  year={2002},
  publisher={Taylor \& Francis}
}


@article{kucukelbir2017advi,
  title={Automatic differentiation variational inference},
  author={Kucukelbir, A. and Tran, D. and Ranganath, R. and Gelman, A. and Blei, D.},
  journal={The Journal of Machine Learning Research},
  volume={18},
  number={1},
  pages={430--474},
  year={2017},
  publisher={JMLR.org}
}


@article{giordano2018covariances,
  title={Covariances, robustness and variational {B}ayes},
  author={Giordano, R. and Broderick, T. and Jordan, M.~I.},
  journal={The Journal of Machine Learning Research},
  volume={19},
  number={1},
  pages={1981--2029},
  year={2018},
  publisher={JMLR.org}
}

@article{carpenter2017stan,
  title={{S}tan: {A} probabilistic programming language},
  author={Carpenter, B. and Gelman, A. and Hoffman, M. and Lee, D. and Goodrich, B. and Betancourt, M. and Brubaker, M. and Guo, J. and Li, P. and Riddell, A.},
  journal={Journal of Statistical Software},
  volume={76},
  number={1},
  year={2017},
  publisher={Columbia Univ., New York, NY (United States); Harvard Univ., Cambridge, MA~â€¦}
}

@incollection{van1996weak,
  title={Weak convergence},
  author={Van Der Vaart, A. and Wellner, J.},
  booktitle={Weak convergence and empirical processes},
  pages={16--28},
  year={1996},
  publisher={Springer}
}

@book{krantz2012implicit,
  title={The implicit function theorem: {H}istory, theory, and applications},
  author={Krantz, S. and Parks, H.},
  year={2012},
  publisher={Springer Science \& Business Media}
}

@book{vaart2000asymptotic,
  title={Asymptotic statistics},
  author={van der Vaart, A.~W.},
  volume={3},
  year={2000},
  publisher={Cambridge University Press}
}

@article{mises1947asymptotic,
  title={On the asymptotic distribution of differentiable statistical functions},
  author={von Mises, R.},
  journal={The Annals of Mathematical Statistics},
  volume={18},
  number={3},
  pages={309--348},
  year={1947},
  publisher={JSTOR}
}

@phdthesis{reeds1976thesis,
  title={On the definition of von {Mises} functionals},
  author={Reeds, J.},
  year={1976},
  school={Statistics, Harvard University}
}


@book{hampel1986robustbook,
  title={Robust statistics: the approach based on influence functions},
  author={Hampel, F. and Ronchetti, E. and Rousseeuw, P. and Stahel, W.},
  year={1986},
  publisher={John Wiley \& Sons}
}


@article{hampel1974influence,
  title={The influence curve and its role in robust estimation},
  author={Hampel, F.},
  journal={Journal of the American Statistical Association},
  volume={69},
  number={346},
  pages={383--393},
  year={1974},
  publisher={Taylor \& Francis}
}

@article{andrews2017measuring,
  title={Measuring the sensitivity of parameter estimates to estimation moments},
  author={Andrews, I. and Gentzkow, M. and Shapiro, J.},
  journal={The Quarterly Journal of Economics},
  volume={132},
  number={4},
  pages={1553--1592},
  year={2017},
  publisher={Oxford University Press}
}

@article{chesher1987bias,
  title={The bias of a heteroskedasticity consistent covariance matrix estimator},
  author={Chesher, A. and Jewitt, I.},
  journal={Econometrica: Journal of the Econometric Society},
  pages={1217--1222},
  year={1987},
  publisher={JSTOR}
}

@misc{young2019consistency,
  author={Young, A.},
  title={Consistency without inference: {I}nstrumental variables in practical application},
  year={2019},
  howpublished={http://personal.lse.ac.uk/YoungA/CWOI.pdf},
  note={Accessed: 2020-11-27}
}

@article{chatterjee1986influential,
  title={Influential observations, high leverage points, and outliers in linear regression},
  author={Chatterjee, S. and Hadi, A.},
  journal={Statistical Science},
  volume={1},
  number={3},
  pages={379--393},
  year={1986},
  publisher={Institute of Mathematical Statistics}
}
@article{chesher1989hajek,
  title={{H}ajek inequalities, measures of leverage and the size of heteroskedasticity robust {W}ald tests},
  author={Chesher, A.},
  journal={Econometrica: Journal of the Econometric Society},
  pages={971--977},
  year={1989},
  publisher={JSTOR}
}

@article{huber1983minimax,
  title={Minimax aspects of bounded-influence regression},
  author={Huber, P.},
  journal={Journal of the American Statistical Association},
  volume={78},
  number={381},
  pages={66--72},
  year={1983},
  publisher={Taylor \& Francis}
}

@book{hansen2008robustness,
  title={Robustness},
  author={Hansen, L. and Sargent, T.},
  year={2008},
  publisher={Princeton University Press}
}

@article{kim2004more,
  title={On more robust estimation of skewness and kurtosis},
  author={Kim, T. and White, H.},
  journal={Finance Research Letters},
  volume={1},
  number={1},
  pages={56--73},
  year={2004},
  publisher={Elsevier}
}

@article{sobol2001global,
  title={Global sensitivity indices for nonlinear mathematical models and their {M}onte {C}arlo estimates},
  author={Sobol, I.},
  journal={Mathematics and Computers in Simulation},
  volume={55},
  number={1-3},
  pages={271--280},
  year={2001},
  publisher={Elsevier}
}

@article{masten2020inference,
  title={Inference on breakdown frontiers},
  author={Masten, M. and Poirier, A.},
  journal={Quantitative Economics},
  volume={11},
  number={1},
  pages={41--111},
  year={2020},
  publisher={Wiley Online Library}
}


@article{chen2011sensitivity,
  title={Sensitivity analysis in semiparametric likelihood models},
  author={Chen, X. and Tamer, E. and Torgovitsky, A.},
  year={2011},
  journal={Cowles Foundation discussion paper}
}

@article{horowitz1995identification,
  title={Identification and robustness with contaminated and corrupted data},
  author={Horowitz, J. and Manski, C.},
  journal={Econometrica: Journal of the Econometric Society},
  pages={281--302},
  year={1995},
  publisher={JSTOR}
}

@article{mahajan2006identification,
  title={Identification and estimation of regression models with misclassification},
  author={Mahajan, A.},
  journal={Econometrica},
  volume={74},
  number={3},
  pages={631--665},
  year={2006},
  publisher={Wiley Online Library}
}
@article{meager2020aggregating,
  title={Aggregating Distributional Treatment Effects: {A} {B}ayesian Hierarchical Analysis of the Microcredit Literature},
  author={Meager, R.},
  journal = {LSE working paper},
  year={2020}
}
@article{finkelstein2012oregon,
  title={The {O}regon health insurance experiment: {E}vidence from the first year},
  author={Finkelstein, A. and Taubman, S. and Wright, B. and Bernstein, M. and Gruber, J. and Newhouse, J. and Allen, H. and Baicker, K. and Oregon Health Study Group},
  journal={The Quarterly Journal of Economics},
  volume={127},
  number={3},
  pages={1057--1106},
  year={2012},
  publisher={MIT Press}
}
@article{he1990tail,
  title={Tail behavior of regression estimators and their breakdown points},
  author={He, X. and Jure{\v{c}}kov{\'a}, J. and Koenker, R. and Portnoy, S.},
  journal={Econometrica: Journal of the Econometric Society},
  pages={1195--1214},
  year={1990},
  publisher={JSTOR}
}

@inproceedings{huber1967sandwich,
  title={The Behavior of Maximum Likelihood Estimates Under Nonstandard Conditions},
  author={Huber, P.},
  booktitle={Proceedings of the Fifth Berkeley Symposium on Mathematical Statistics and Probability: Weather modification},
  volume={5},
  pages={221},
  year={1967},
  organization={Univ of California Press}
}

@article {huber1968robust,
  title = {Robust confidence limits},
  author = {Huber, P.},
  journal = {Journal for Probability Theory and Related Fields},
  volume = {10},
  number = {4},
  pages = {269-278},
  year = {1968},
  publisher = {Springer}
}

@article{leamer1985sensitivity,
  title={Sensitivity analyses would help},
  author={Leamer, E.},
  journal={The American Economic Review},
  volume={75},
  number={3},
  pages={308--313},
  year={1985},
  publisher={JSTOR}
}
@inproceedings{saltelli2004global,
  title={Global sensitivity analysis: {A}n introduction},
  author={Saltelli, A.},
  booktitle={Proc. 4th International Conference on Sensitivity Analysis of Model Output (SAMO '04)},
  pages={27--43},
  year={2004}
}
@article{leamer1984global,
  title={Global sensitivity results for generalized least squares estimates},
  author={Leamer, E.},
  journal={Journal of the American Statistical Association},
  volume={79},
  number={388},
  pages={867--870},
  year={1984},
  publisher={Taylor \& Francis Group}
}
@article{giordano2016fast,
  title={Fast robustness quantification with variational Bayes},
  author={Giordano, R. and Broderick, T. and Meager, R. and Huggins, J. and Jordan, M.~I.},
  journal={ICML Data 4 Good Workshop arXiv preprint arXiv:1606.07153},
  year={2016}
}

@inproceedings{giordano:2019:swiss,
  title={A {S}wiss army infinitesimal jackknife},
  author={Giordano, R. and Stephenson, W. and Liu, R. and Jordan, M.~I. and Broderick, T.},
  booktitle={The 22nd International Conference on Artificial Intelligence and Statistics},
  pages={1139--1147},
  year={2019},
  organization={PMLR}
}

@article{giordano2019higherorder,
    title={A Higher-Order {S}wiss Army Infinitesimal Jackknife},
    author={Giordano, R. and  Jordan, M.~I. and Broderick, T.},
    year={2019},
    journal={arXiv preprint arXiv:1907.12116}
}

@article{rubin1974estimating,
  title={Estimating causal effects of treatments in randomized and nonrandomized studies.},
  author={Rubin, D.},
  journal={Journal of Educational Psychology},
  volume={66},
  number={5},
  pages={688},
  year={1974},
  publisher={American Psychological Association}
}


@book{huber1981robust,
title={Robust Statistics},
author={Huber, P.},
year={1981},
publisher={John Wiley \& Sons},
address={New York}
}
@article{crepon2015estimating,
  title={Estimating the impact of microcredit on those who take it up: {E}vidence from a randomized experiment in {M}orocco},
  author={Cr{\'e}pon, B. and Devoto, F. and Duflo, E. and Parient{\'e}, W.},
  journal={American Economic Journal: Applied Economics},
  volume={7},
  number={1},
  pages={123--50},
  year={2015}
}
@article{tarozzi2015impacts,
  title={The impacts of microcredit: {E}vidence from {E}thiopia},
  author={Tarozzi, A. and Desai, J. and Johnson, K.},
  journal={American Economic Journal: Applied Economics},
  volume={7},
  number={1},
  pages={54--89},
  year={2015}
}
@article{karlan2011microcredit,
  title={Microcredit in theory and practice: {U}sing randomized credit scoring for impact evaluation},
  author={Karlan, D. and Zinman, J.},
  journal={Science},
  volume={332},
  number={6035},
  pages={1278--1284},
  year={2011},
  publisher={American Association for the Advancement of Science}
}
@article{banerjee2015miracle,
  title={The miracle of microfinance? {E}vidence from a randomized evaluation},
  author={Banerjee, A. and Duflo, E. and Glennerster, R. and Kinnan, C.},
  journal={American Economic Journal: Applied Economics},
  volume={7},
  number={1},
  pages={22--53},
  year={2015}
}
@article{angelucci2015microcredit,
  title={Microcredit impacts: {E}vidence from a randomized microcredit program placement experiment by {C}ompartamos {B}anco},
  author={Angelucci, M. and Karlan, D. and Zinman, J.},
  journal={American Economic Journal: Applied Economics},
  volume={7},
  number={1},
  pages={151--82},
  year={2015}
}
@article{augsburg2015impacts,
  title={The impacts of microcredit: {E}vidence from {B}osnia and {H}erzegovina},
  author={Augsburg, B. and De Haas, R. and Harmgart, H. and Meghir, C.},
  journal={American Economic Journal: Applied Economics},
  volume={7},
  number={1},
  pages={183--203},
  year={2015}
}
@article{attanasio2015impacts,
  title={The impacts of microfinance: {E}vidence from joint-liability lending in {M}ongolia},
  author={Attanasio, O. and Augsburg, B. and De Haas, R. and Fitzsimons, E. and Harmgart, H.},
  journal={American Economic Journal: Applied Economics},
  volume={7},
  number={1},
  pages={90--122},
  year={2015}
}
@book{mostellertukeydata,
title={Data Analysis and Regression: {A} Second Course In Statistics},
author={Mosteller, F. and Tukey, J.},
year={1977},
publisher={Pearson},
address={USA}
}

@incollection{gustafson2000local,
  title={Local robustness in {B}ayesian analysis},
  author={Gustafson, P.},
  booktitle={Robust {B}ayesian Analysis},
  pages={71--88},
  year={2000},
  publisher={Springer}
}

@article{koenker1978regression,
  title={Regression quantiles},
  author={Koenker, R. and Bassett Jr, G.},
  journal={Econometrica: journal of the Econometric Society},
  pages={33--50},
  year={1978},
  publisher={JSTOR}
}
@article{meager2019understanding,
  title={Understanding the average impact of microcredit expansions: {A} {B}ayesian hierarchical analysis of seven randomized experiments},
  author={Meager, R.},
  journal={American Economic Journal: Applied Economics},
  volume={11},
  number={1},
  pages={57--91},
  year={2019}
}
@article{angelucci2009indirect,
  title={Indirect effects of an aid program: {H}ow do cash transfers affect ineligibles' consumption?},
  author={Angelucci, M. and De Giorgi, G.},
  journal={American Economic Review},
  volume={99},
  number={1},
  pages={486--508},
  year={2009}
}


@inproceedings{maclaurin2015autograd,
  title={Autograd: {E}ffortless gradients in numpy},
  author={Maclaurin, D. and Duvenaud, D. and Adams, R.},
  booktitle={ICML 2015 AutoML Workshop},
  volume={238},
  year={2015}
}

@article{baydin2018automatic,
  title={Automatic differentiation in machine learning: {A} survey},
  author={Baydin, A. and Pearlmutter, B. and Radul, A. and Siskind, J.},
  journal={The Journal of Machine Learning Research},
  volume={18},
  number={1},
  pages={5595--5637},
  year={2018},
  publisher={JMLR. org}
}

@book{belsley:1980:regression,
  title={Regression diagnostics: {I}dentifying influential data and sources of collinearity},
  author={Belsley, D. and Kuh, E. and Welsch, R.},
  year={1980},
  publisher={John Wiley \& Sons}
}

@article{huber:1964:robustlocation,
 ISSN = {00034851},
 URL = {http://www.jstor.org/stable/2238020},
 author = {Peter J. Huber},
 journal = {The Annals of Mathematical Statistics},
 number = {1},
 pages = {73--101},
 publisher = {Institute of Mathematical Statistics},
 title = {Robust Estimation of a Location Parameter},
 urldate = {2023-01-27},
 volume = {35},
 year = {1964}
}


@techreport{jaeckel:1972:infinitesimal,
  title={The Infinitesimal Jackknife, Memorandum},
  author={L. Jaeckel},
  year={1972},
  institution={MM 72-1215-11, Bell Lab. Murray Hill, NJ}
}


@book{fernholz:1983:mises,
  title={{Von Mises} Calculus for Statistical Functionals},
  author={Fernholz, L.},
  volume={19},
  year={1983},
  publisher={Springer Science \& Business Media}
}


@misc{vaart:1996:empiricalprocesses,
  title={Empirical processes and weak convergence},
  author={van der Vaart, A.~W. and Wellner, J.},
  year={1996},
  publisher={Springer, New York}
}

@article{gustafson:1996:localposterior,
  title={Local sensitivity of posterior expectations},
  author={Gustafson, P.},
  journal={The Annals of Statistics},
  volume={24},
  number={1},
  pages={174--195},
  year={1996},
  publisher={Institute of Mathematical Statistics}
}


@incollection{basu:1996:local,
  title={Local posterior robustness with parametric priors: Maximum and average sensitivity},
  author={Basu, S. and Jammalamadaka, S. Rao and Liu, W.},
  booktitle={Maximum Entropy and {Bayesian} Methods},
  pages={97--106},
  year={1996},
  publisher={Springer}
}



@incollection{gustafson:2012:localrobustnessbook,
  author={Gustafson, P.},
  title={Local robustness in {Bayesian} analysis},
  editor={Insua, D.~R. and Ruggeri, F.},
  booktitle={Robust {Bayesian} Analysis},
  volume={152},
  year={2000},
  publisher={Springer Science \& Business Media}
}


@article{cain:1984:approximatecaseinfluence,
  title={Approximate case influence for the proportional hazards regression model with censored data},
  author={Cain, K. and Lange, N.},
  journal={Biometrics},
  pages={493--499},
  year={1984},
  publisher={JSTOR}
}



@article{taylor:1993:unifiedapproachtoinfluentialdata,
  title={A unified approach to the derivation of influential data diagnostics},
  author={Taylor, L.},
  journal={Economic Modelling},
  volume={10},
  number={2},
  pages={113--126},
  year={1993},
  publisher={Elsevier}
}






@article{giordano2022bnp,
  title={Evaluating sensitivity to the stick-breaking prior in {Bayesian} nonparametrics},
  author={Giordano, R. and Liu, R. and Jordan, M.~I. and Broderick, T.},
  journal={Bayesian Analysis},
  volume={1},
  number={1},
  year={2022}
}



@article{cook:1986:assessment,
  title={Assessment of local influence},
  author={Cook, R.},
  journal={Journal of the Royal Statistical Society: {S}eries B (Methodological)},
  volume={48},
  number={2},
  pages={133--155},
  year={1986},
  publisher={Wiley Online Library}
}



@article{carlin:1991:expectedutilityinfluence,
  title={An expected utility approach to influence diagnostics},
  author={Carlin, B. and Polson, N.},
  journal={Journal of the American Statistical Association},
  volume={86},
  number={416},
  pages={1013--1021},
  year={1991},
  publisher={Taylor \& Francis}
}


@article{kempthorne:1986:decision,
  title={Decision-theoretic measures of influence in regression},
  author={Kempthorne, P.},
  journal={Journal of the Royal Statistical Society: Series B (Methodological)},
  volume={48},
  number={3},
  pages={370--378},
  year={1986},
  publisher={Wiley Online Library}
}


@article{shi:2016:gmmcasedeletion,
  title={Case deletion diagnostics for GMM estimation},
  author={Shi, L. and Lu, J. and Zhao, J. and Chen, G.},
  journal={Computational Statistics \& Data Analysis},
  volume={95},
  pages={176--191},
  year={2016},
  publisher={Elsevier}
}

@article{hattori:2009:ipcqcasedeletion,
  title={Approximate subject-deletion influence diagnostics for Inverse Probability of Censoring Weighted (IPCW) method},
  author={Hattori, S. and Kato, M.},
  journal={Statistics \& probability letters},
  volume={79},
  number={17},
  pages={1833--1838},
  year={2009},
  publisher={Elsevier}
}


@inproceedings{koh:2017:blackbox,
author = {P. W. Koh and P. Liang},
title = {Understanding Black-box Predictions via Influence Functions},
booktitle = {International Conference on Machine Learning (ICML)},
year = {2017}
}



@article{thomas:1989:assessing,
  title={Assessing influence on regression coefficients in generalized linear models},
  author={Thomas, W. and Cook, D.},
  journal={Biometrika},
  volume={76},
  number={4},
  pages={741--749},
  year={1989},
  publisher={Oxford University Press}
}



@article{pregibon:1981:logistic,
  title={Logistic regression diagnostics},
  author={Pregibon, D.},
  journal={The annals of statistics},
  volume={9},
  number={4},
  pages={705--724},
  year={1981},
  publisher={Institute of Mathematical Statistics}
}



# Rad and Maleki, emphasis on dimensionality and mentions bootstrap
@article{rad:2018:scalableloo,
   author = {K. Rad and A. Maleki},
    title = {A Scalable Estimate of the Extra-Sample Prediction Error via Approximate Leave-one-out},
  journal = {arXiv Preprint},
archivePrefix = "arXiv",
   eprint = {1801.10243},
 primaryClass = "stat.ME",
 keywords = {Statistics - Methodology},
     year = 2018,
    month = jan,

}


@article{huber:1983:notion,
  title={The notion of breakdown point},
  author={Huber, P. and Donoho, D.},
  journal={A Festschrift for Erich L. Lehmann},
  year={1983}
}


@misc{tensorflow:2015:whitepaper,
title={ {TensorFlow}: Large-Scale Machine Learning on Heterogeneous Systems},
url={https://www.tensorflow.org/},
note={Software available from tensorflow.org},
author={
    M. Abadi and
    A. Agarwal and
    P. Barham and
    E. Brevdo and
    Z. Chen and
    C. Citro and
    G. Corrado and
    A. Davis and
    J. Dean and
    M. Devin and
    S. Ghemawat and
    I. ~Goodfellow and
    A. Harp and
    G. Irving and
    M. Isard and
    Y. Jia and
    R. Jozefowicz and
    L. Kaiser and
    M. Kudlur and
    J. Levenberg and
    D. Man\'{e} and
    R. Monga and
    S. Moore and
    D. Murray and
    C. Olah and
    M. Schuster and
    J. Shlens and
    B. Steiner and
    I. Sutskever and
    K. Talwar and
    P. Tucker and
    V. Vanhoucke and
    V. Vasudevan and
    F. Vi\'{e}gas and
    O. Vinyals and
    P. Warden and
    M. Wattenberg and
    M. Wicke and
    Y. Yu and
    X. Zheng},
  year={2015},
}



@misc{jax:2018:github,
  author = {J. Bradbury and
    R. Frostig and
    P. Hawkins and
    M. Johnson and
    C. Leary and
    D. Maclaurin and
    G. Necula and
    A. Paszke and
    J. Vander{P}las and
    S. Wanderman-{M}ilne and
    Q. Zhang},
  title = {{JAX}: composable transformations of {P}ython+{N}um{P}y programs},
  url = {http://github.com/google/jax},
  version = {0.3.13},
  year = {2018},
}


@incollection{pytorch:2019:lots,
title = {PyTorch: {An} Imperative Style, High-Performance Deep Learning Library},
author = {Paszke, A. and Gross, S. and Massa, F. and
    Lerer, A. and Bradbury, J. and Chanan, G. and Killeen, T. and
    Lin, Z. and Gimelshein, N. and Antiga, L. and Desmaison, A. and
    Kopf, A. and Yang, E. and DeVito, Z. and Raison, M. and
    Tejani, A. and Chilamkurthy, S. and Steiner, B. and Fang, L.
    and Bai, J. and Chintala, S.},
booktitle = {Advances in Neural Information Processing Systems 32},
pages = {8024--8035},
year = {2019},
publisher = {Curran Associates, Inc.},
url = {http://papers.neurips.cc/paper/9015-pytorch-an-imperative-style-high-performance-deep-learning-library.pdf}
}



@article{cook:1977:detectionofinfluential,
  title={Detection of influential observation in linear regression},
  author={Cook, D.},
  journal={Technometrics},
  volume={19},
  number={1},
  pages={15--18},
  year={1977},
  publisher={Taylor \& Francis}
}




@book{cook:1982:residualsandinfluenceinregression,
  title={Residuals and influence in regression},
  author={Cook, D. and Weisberg, S.},
  year={1982},
  publisher={New York: Chapman and Hall}
}



@article{mcculloch:1989:localbayesianmodelinfluence,
  title={Local model influence},
  author={McCulloch, R.},
  journal={Journal of the American Statistical Association},
  volume={84},
  number={406},
  pages={473--478},
  year={1989},
  publisher={Taylor \& Francis}
}




@article{cook:1980:characterizationsofinfluence,
  title={Characterizations of an empirical influence function for detecting influential cases in regression},
  author={Cook, D. and Weisberg, S.},
  journal={Technometrics},
  volume={22},
  number={4},
  pages={495--508},
  year={1980},
  publisher={Taylor \& Francis}
}


@article{ruggeri:1993:infinitesimalposteriorsensitivity,
  title={Infinitesimal sensitivity of posterior distributions},
  author={Ruggeri, F. and Wasserman, L.},
  journal={Canadian Journal of Statistics},
  volume={21},
  number={2},
  pages={195--203},
  year={1993},
  publisher={Wiley Online Library}
}




@article{diaconis:1986:bayesconsistency,
  title={On the consistency of {Bayes} estimates},
  author={Diaconis, P. and Freedman, D.},
  journal={The Annals of Statistics},
  pages={1--26},
  year={1986},
  publisher={JSTOR}
}



@article{stigler:2010:robustnesshistory,
  title={The changing history of robustness},
  author={Stigler, S.},
  journal={The American Statistician},
  volume={64},
  number={4},
  pages={277--281},
  year={2010},
  publisher={Taylor \& Francis}
}


@book{hadi:2009:sensitivityinregression,
  title={Sensitivity analysis in linear regression},
  author={Hadi, A. and Chatterjee, S.},
  year={2009},
  publisher={John Wiley \& Sons}
}


@article{johnson:1983:predictiveinfluence,
  title={A predictive view of the detection and characterization of influential observations in regression analysis},
  author={Johnson, W. and Geisser, S.},
  journal={Journal of the American Statistical Association},
  volume={78},
  number={381},
  pages={137--144},
  year={1983},
  publisher={Taylor \& Francis}
}


@article{mcculloch:1989:localbayesianmodelinfluence,
  title={Local model influence},
  author={McCulloch, R.},
  journal={Journal of the American Statistical Association},
  volume={84},
  number={406},
  pages={473--478},
  year={1989},
  publisher={Taylor \& Francis}
}



@article{huh:1990:local,
  title={A local influence approach to regression diagnostics with application to robust regression},
  author={Huh, M. and Park, S.},
  journal={Journal of the Korean Statistical Society},
  volume={19},
  number={2},
  pages={151--159},
  year={1990},
  publisher={The Korean Statistical Society}
}



@article{fan:2010:sharptreatmentbounds,
  title={Sharp bounds on the distribution of treatment effects and their statistical inference},
  author={Fan, Y. and Park, S.},
  journal={Econometric Theory},
  volume={26},
  number={3},
  pages={931--951},
  year={2010},
  publisher={Cambridge University Press}
}


@misc{lee:2005:partialidentification,
  title={Training, wages, and sample selection: Estimating sharp bounds on treatment effects},
  author={Lee, D.},
  year={2005},
  publisher={National Bureau of Economic Research Cambridge, Mass., USA}
}



@book{manski:2003:partial,
  title={Partial identification of probability distributions},
  author={Manski, C.},
  year={2003},
  publisher={Springer Science \& Business Media}
}


@article{freund:2023:robustnessauditingols,
  title={Towards Practical Robustness Auditing for Linear Regression},
  author={Freund, D. and Hopkins, S.},
  journal={arXiv preprint arXiv:2307.16315},
  year={2023}
}

@article{moitra:2022:provablyauditingols,
  title={Provably auditing ordinary least squares in low dimensions},
  author={Moitra, A. and Rohatgi, D.},
  journal={arXiv preprint arXiv:2205.14284},
  year={2022}
}

@article{kuschnig:2021:hiddeninfluencescores,
  title={Hidden in plain sight: {Influential} sets in linear models},
  author={Kuschnig, N. and Zens, G. and Cuaresma, J.},
  year={2021},
  publisher={CESifo Working Paper}
}


@article{semenova:2020:generalizedleebounds,
  title={Generalized {Lee} bounds},
  author={Semenova, V.},
  journal={arXiv preprint arXiv:2008.12720},
  year={2020}
}